@article{su2021unveiling,
  title={Unveiling daily activity pattern differences between telecommuters and commuters using human mobility motifs and sequence analysis},
  author={Su, Rongxiang and McBride, Elizabeth C and Goulias, Konstadinos G},
  journal={Transportation Research Part A: Policy and Practice},
  volume={147},
  pages={106--132},
  year={2021},
  publisher={Elsevier}
}


@article{us2020american,
  title={American time use survey summary},
  author={{US Bureau of Labor Statistics}},
  year={2020},
  publisher={US Department of Labor}
}



@article{caros2023evaluating,
  title={Evaluating the travel impacts of a shared mobility system for remote workers},
  author={Caros, Nicholas S and Zhao, Jinhua},
  journal={Transportation Research Part D: Transport and Environment},
  volume={121},
  pages={103798},
  year={2023},
  publisher={Elsevier}
}


@article{elokda2024self,
  title={A self-contained karma economy for the dynamic allocation of common resources},
  author={Elokda, Ezzat and Bolognani, Saverio and Censi, Andrea and D{\"o}rfler, Florian and Frazzoli, Emilio},
  journal={Dynamic Games and Applications},
  volume={14},
  number={3},
  pages={578--610},
  year={2024},
  publisher={Springer}
}


@article{arnott1993structural,
  title={A structural model of peak-period congestion: A traffic bottleneck with elastic demand},
  author={Arnott, Richard and de Palma, Andre and Lindsey, Robin},
  journal={The American Economic Review},
  pages={161--179},
  year={1993},
  publisher={JSTOR}
}

@article{de1983stochastic,
  title={Stochastic equilibrium model of peak period traffic congestion},
  author={de Palma, Andre and Ben-Akiva, Moshe and Lefevre, Claude and Litinas, Nicolaos},
  journal={Transportation Science},
  volume={17},
  number={4},
  pages={430--453},
  year={1983},
  publisher={INFORMS}
}

@article{de2013random,
  title={Random queues and risk averse users},
  author={de Palma, Andr{\'e} and Fosgerau, Mogens},
  journal={European Journal of Operational Research},
  volume={230},
  number={2},
  pages={313--320},
  year={2013},
  publisher={Elsevier}
}


@techreport{javaudin2024metropolis2,
  title={METROPOLIS2: Bridging Theory and Simulation in Agent-Based Transport Modeling},
  author={Javaudin, Lucas and de Palma, Andr{\'e}},
  year={2024},
  institution={THEMA (TH{\'e}orie Economique, Mod{\'e}lisation et Applications), Universit{\'e} de~â€¦}
}


@article{duranton2011fundamental,
  title={The fundamental law of road congestion: Evidence from US cities},
  author={Duranton, Gilles and Turner, Matthew A},
  journal={American Economic Review},
  volume={101},
  number={6},
  pages={2616--2652},
  year={2011},
  publisher={American Economic Association}
}


@article{Vickrey1963,
  author = {Vickrey, William S.},
  title = {Pricing in Urban and Suburban Transport},
  journal = {The American Economic Review},
  volume = {53},
  number = {2},
  pages = {452-465},
  year = {1963}
}

@article{Vickrey1969,
  author = {Vickrey, William S.},
  title = {Congestion Theory and Transport Investment},
  journal = {The American Economic Review},
  volume = {59},
  number = {2},
  pages = {251-260},
  year = {1969}
}

@article{Yang2024,
  author = {Yang, Z. and de Palma, A. and Geroliminis, N.},
  title = {Tailored Priority Allocation in the Bottleneck Model with General User Heterogeneity},
  journal = {Transportation Research Part B},
  volume = {190},
  pages = {103093},
  year = {2024}
}

@article{Li2020,
  author = {Li, Z. C. and Huang, H. J. and Yang, H.},
  title = {Fifty Years of the Bottleneck Model: A Bibliometric Review and Future Research Directions},
  journal = {Transportation Research Part B},
  volume = {139},
  pages = {311-342},
  year = {2020}
}

@misc{TravelMidwest2025,
  author = {{Travel Midwest Stats}},
  title = {I-55 Northbound Travel Time Report (I-80 to Dan Ryan Expy)},
  year = {2025},
  url = {https://www.travelmidweststats.com/Reports/Quick/IL/I55/NB/I80/DanRyanExpy},
  note = {Accessed: 2025-03-07}
}

@book{casella2001statistical,
  title={Statistical inference},
  author={Casella, George and Berger, Roger},
  year=2001,
  publisher={ Duxbury Press}
}
                  
@article{hall2024inframarginal,
  title={Inframarginal travelers and transportation policy},
  author={Hall, Jonathan D},
  journal={International Economic Review},
  volume={65},
  number={3},
  pages={1519--1550},
  year={2024},
  publisher={Wiley Online Library}
}
